% This file was created with JabRef 2.10.
% Encoding: UTF8


@Book{SDRTII,
  Title                    = {Systemdynamik und Regelungstechnik II},
  Author                   = {J{\"u}rgen Adamy},
  Publisher                = {Shaker Verlag},
  Year                     = {2016}
}

@Manual{AUGS,
  Title                    = {Regelungstechnik 2},
  Author                   = {Christoph Ament},
  Organization             = {Universit{\"a}t Augsburg},
  Year                     = {2017}
}

@Book{bruehl,
  Title                    = {Arduino Praxiseinstieg},
  Author                   = {Thomas Br{\"u}hlmann},
  Publisher                = {Mitp},
  Year                     = {2010},

  Owner                    = {markus},
  Timestamp                = {2018.02.14}
}

@Electronic{pendel,
  Title                    = {Regelung eines inversen Pendels, Institut f{\"u}r Mess-, Regel- und Mikrotechnik, Universit{\"a}t Ulm.},
  Author                   = {Dr.-Ing. Michael Buchholz},
  Note                     = {29.10.2010},

  Owner                    = {markus},
  Timestamp                = {2018.02.06}
}

@Manual{ETHZ,
  Title                    = {Modeling and Control of a Ballbot},
  Author                   = {Peter Fankhauser and Corsin Gwerder},
  Edition                  = {Bachelor Arbeit},
  Organization             = {ETH Z{\"u}rich},
  Year                     = {2010}
}

@Manual{MatPrakt,
  Title                    = {Praktikum MATLAB/Simulink II},
  Author                   = {U. Konigorski},
  Organization             = {TU Darmstadt},
  Year                     = {2016/2017}
}

@Manual{MGR,
  Title                    = {Mehrgr{\"o}{\ss}enreglerentwurf im Zustandsraum},
  Author                   = {U. Konigorski},
  Organization             = {TU Darmstadt},
  Year                     = {2016/2017}
}

@Manual{M&S,
  Title                    = {Modellbildung und Simulation},
  Author                   = {U. Konigorski},
  Organization             = {TU Darmstadt},
  Year                     = {2017}
}

@Conference{kumaga,
  Title                    = {Development of a robot balanced on a ball: Application of passive
motion to transport},
  Author                   = {M. Kumaga and T. Ochiai},
  Booktitle                = {IEEE International Conference on pages 4106-4111.},
  Year                     = {2009},

  Owner                    = {markus},
  Timestamp                = {2018.02.09}
}

@Article{serena_vrep_vs_gz,
  Title                    = {Tools for dynamics simulation of robots: a survey
based on user feedback},
  Author                   = {Serena Ivaldi, Vincent Padois, Francesco Nori},
  Journal                  = {Cornell University},
  Year                     = {2014},

  Owner                    = {markus},
  Timestamp                = {2018.02.06}
}

@Article{umashankar_ballbot,
  Title                    = {The ballbot: An omnidirectional balancing mobile robot},
  Author                   = {Umashankar Nagarajan, George Kantor, Ralph Hollis},
  Journal                  = {The International Journal of Robotics Research},
  Year                     = {2013},

  Owner                    = {markus},
  Timestamp                = {2018.02.09}
}

@Electronic{Arduino,
  Title                    = {Arduino Webpage},
  HowPublished             = {\\ \url{https://www.arduino.cc/en/Guide/Environment}},
  Note                     = {[Zugriff am 06.02.18]},

  Owner                    = {markus},
  Timestamp                = {2018.02.06}
}

@Electronic{gazebo_anleitung,
  Title                    = {Installationsanleitung der Simulation des Ballbots.},
  HowPublished             = {\\ \url{https://www.youtube.com/watch?v=a7RVCsyNebY}},
  Note                     = {[Zugriff am 06.02.18]},

  Owner                    = {markus},
  Timestamp                = {2018.02.06}
}

@Electronic{gazebo_code,
  Title                    = {Code des Ballbotprojekts.},
  HowPublished             = {\\ \url{https://github.com/CesMak/bb}},
  Note                     = {[Zugriff am 06.02.18]},

  Owner                    = {markus},
  Timestamp                = {2018.02.06}
}

@Electronic{gz_adjust_mu,
  Title                    = {Festlegung der Reibungskoeffizienten in Gazebo},
  HowPublished             = {\\ \url{http://gazebosim.org/tutorials?tut=friction}},
  Note                     = {[Zugriff am 06.02.18]},

  Owner                    = {markus},
  Timestamp                = {2018.02.06}
}

@Electronic{gz7_fdir1_broken,
  Title                    = {Code f{\"u}r die Ballbot Gazebo Simulation},
  HowPublished             = {\\ \url{https://bitbucket.org/osrf/gazebo/issues/463/ode-fdir1-parameter-broken}},
  Note                     = {[Zugriff am 06.02.18]},

  Owner                    = {markus},
  Timestamp                = {2018.02.06}
}

@Electronic{moveit_moveit,
  Title                    = {MoveIt Dokumentation},
  HowPublished             = {\\ \url{http://docs.ros.org/hydro/api/moveit_ros_visualization/html/doc/tutorial.html}},
  Note                     = {[Zugriff am 06.02.18]},

  Owner                    = {markus},
  Timestamp                = {2018.02.06}
}

@Electronic{openCR,
  Title                    = {OpenCR Board E-Manual},
  HowPublished             = {\\ \url{http://emanual.robotis.com/docs/en/parts/controller/opencr10/}},
  Note                     = {[Zugriff am 06.02.18]},

  Owner                    = {markus},
  Timestamp                = {2018.02.06}
}

@Electronic{pla,
  Title                    = {Was ist PLA},
  HowPublished             = {\\ \url{https://www.filamentworld.de/3d-druck-wissen/was-ist-pla/}},
  Note                     = {[Zugriff am 06.02.18]},

  Owner                    = {markus},
  Timestamp                = {2018.02.06}
}

@Electronic{plot_juggler,
  Title                    = {Plot Juggler Github},
  HowPublished             = {\\ \url{https://github.com/facontidavide/PlotJuggler}},
  Note                     = {[Zugriff am 06.02.18]},

  Owner                    = {markus},
  Timestamp                = {2018.02.06}
}

@Electronic{rqt_multiplot,
  Title                    = {RQT Multiplot},
  HowPublished             = {\\ \url{https://github.com/ethz-asl/rqt_multiplot_plugin}},
  Note                     = {[Zugriff am 06.02.18]},

  Owner                    = {markus},
  Timestamp                = {2018.02.06}
}

@Electronic{rqt_plot,
  Title                    = {RQT{\_}Plot},
  HowPublished             = {\\ \url{http://wiki.ros.org/rqt_plot}},
  Note                     = {[Zugriff am 06.02.18]},

  Owner                    = {markus},
  Timestamp                = {2018.02.06}
}

@Electronic{rviz_rviz,
  Title                    = {Rviz Website},
  HowPublished             = {\\ \url{https://github.com/ros-visualization/rviz}},
  Note                     = {[Zugriff am 06.02.18]},

  Owner                    = {markus},
  Timestamp                = {2018.02.06}
}

@Electronic{XM430,
  Title                    = {Dynamixel Motor E-Manual},
  HowPublished             = {\\ \url{http://support.robotis.com/en/product/actuator/dynamixel_x/xm_series/xm430-w350.htm}},
  Note                     = {[Zugriff am 06.02.18]},

  Owner                    = {markus},
  Timestamp                = {2018.02.06}
}

@comment{jabref-meta: databaseType:bibtex;}

